@article{vermogen,
  author  = {Wilm Decr√©}, 
  title   = {Nokken - berekenen ogenblikkelijk vermogen},
  year    = 2009,
}

@manual{cursus,
	author  = {Joris De Schutter and Friedl De Groote and Bram Demeulenaere and Myriam Verschuere}, 
	title   = {Beweging en trillingen, deel 1: Beweging},
	organization = {KU Leuven Faculty of engineering science},
	year    = 2017,
	month   = February,
}